<record xmlns="http://www.openarchives.org/OAI/2.0/" xmlns:xsi="http://www.w3.org/2001/XMLSchema-instance"><header><identifier>oai:alma.34CSIC_INST:990013545980204201</identifier><datestamp>2020-02-06T08:40:59Z</datestamp><setSpec>manuscripta</setSpec></header><metadata><record xmlns="http://www.loc.gov/MARC21/slim" xmlns:xsi="http://www.w3.org/2001/XMLSchema-instance" xsi:schemaLocation="http://www.loc.gov/MARC21/slim http://www.loc.gov/standards/marcxml/schema/MARC21slim.xsd"><leader>05044ntm a2200613 i 4500</leader><controlfield tag="005">20181031100347.0</controlfield><controlfield tag="008">101027sn                     000 0 ara d</controlfield><controlfield tag="001">990013545980204201</controlfield><datafield tag="035" ind1=" " ind2=" "><subfield code="a">CSIC001354598</subfield></datafield><datafield tag="035" ind1=" " ind2=" "><subfield code="a">(ES-MaCSI)001354598MAD01-Aleph</subfield></datafield><datafield tag="040" ind1=" " ind2=" "><subfield code="a">ES-MaCSI</subfield><subfield code="b">spa</subfield></datafield><datafield tag="100" ind1="1" ind2=" "><subfield code="a">Ibn ʽĀšir, ʽAbd al-Wāḥid b. Aḥmad</subfield><subfield code="d">(1582 ó 3-1630 ó 31).</subfield></datafield><datafield tag="245" ind1="1" ind2="2"><subfield code="a">المرشد المعين على الضّروري من علوم الدين </subfield><subfield code="h">[Manuscrito]</subfield><subfield code="c">/ عبْدُ الوَاحِد بْنُ عاشر الأَندَلُسِي.</subfield></datafield><datafield tag="260" ind1=" " ind2=" "><subfield code="c">[S. f.].</subfield></datafield><datafield tag="300" ind1=" " ind2=" "><subfield code="a">2 f. ;</subfield><subfield code="c">20,5 x 15,5 cm (caja: 1,5 x 9,5 cm).</subfield></datafield><datafield tag="490" ind1="1" ind2=" "><subfield code="a">Manuscripta</subfield></datafield><datafield tag="546" ind1=" " ind2=" "><subfield code="a">Arabe</subfield><subfield code="b">Escritura magrebí</subfield></datafield><datafield tag="500" ind1=" " ind2=" "><subfield code="a">Título transliterado: Al-muršid al-muʽīn ʽalà l-ḍarūrī min ʽulūm al-dīn</subfield></datafield><datafield tag="500" ind1=" " ind2=" "><subfield code="a">Distribución: 2 cols. Tiene 13 líneas por página.</subfield></datafield><datafield tag="500" ind1=" " ind2=" "><subfield code="a">Material: Papel</subfield></datafield><datafield tag="500" ind1=" " ind2=" "><subfield code="a">Tinta: Negra y roja</subfield></datafield><datafield tag="500" ind1=" " ind2=" "><subfield code="a">(بعد البسملة والتصلية) قَالَ الشَيخُ الفَقِيه الإِمَامُ العالِمُ العلاّمَة المُدَرسُ الفهّامَة سيدي عبْدُ الوَاحِد بْنُ عاشر الأَندَلُسِي رضي الله عنْهIncipit: ‪</subfield></datafield><datafield tag="500" ind1=" " ind2=" "><subfield code="a">‪Explicit: مُحَالٌ اَلْكَذِبُ وَالْمَنْهِيُّ كَعَدَمِ الْتَّبْلِيغِ يَا ذَكِيُّ</subfield></datafield><datafield tag="500" ind1=" " ind2=" "><subfield code="a">Lugar de escritura: No consta</subfield></datafield><datafield tag="500" ind1=" " ind2=" "><subfield code="a">Copista: No consta</subfield></datafield><datafield tag="500" ind1=" " ind2=" "><subfield code="a">Colofón: No consta</subfield></datafield><datafield tag="500" ind1=" " ind2=" "><subfield code="a">Características especiales: Texto vocalizado</subfield></datafield><datafield tag="500" ind1=" " ind2=" "><subfield code="a">Ilustración: No</subfield></datafield><datafield tag="500" ind1=" " ind2=" "><subfield code="a">Ilustraciones: No</subfield></datafield><datafield tag="500" ind1=" " ind2=" "><subfield code="a">Tipo de cuaderno: 1 cuad.: 1 bifolio.</subfield></datafield><datafield tag="500" ind1=" " ind2=" "><subfield code="a">Deterioros: Pliegues, manchas de humedad y exfoliación en las márgenes exteriores de los folios que no afecta al texto.</subfield></datafield><datafield tag="500" ind1=" " ind2=" "><subfield code="a">H en blanco: 1 H en blanco: folio 1r.</subfield></datafield><datafield tag="500" ind1=" " ind2=" "><subfield code="a">H dañadas, mutiladas, sueltas: No</subfield></datafield><datafield tag="500" ind1=" " ind2=" "><subfield code="a">H faltan o añadidas: H Faltan: no se puede precisar con exactitud el total de folios que le faltan.</subfield></datafield><datafield tag="500" ind1=" " ind2=" "><subfield code="a">Foliación: Sin foliación original. Foliación moderna a lápiz hecha por Naima Anahnah (2010).</subfield></datafield><datafield tag="500" ind1=" " ind2=" "><subfield code="a">Reclamos: Reclamos en el margen inferior de izquierdo de todos los folios verso.</subfield></datafield><datafield tag="500" ind1=" " ind2=" "><subfield code="a">Sign. cuad.: No</subfield></datafield><datafield tag="500" ind1=" " ind2=" "><subfield code="a">Pautado: Punta seca (casi inapreciable).</subfield></datafield><datafield tag="500" ind1=" " ind2=" "><subfield code="a">Filigrana: No</subfield></datafield><datafield tag="563" ind1=" " ind2=" "><subfield code="a">Encuadernación: Carece de encuadernación</subfield></datafield><datafield tag="541" ind1=" " ind2=" "><subfield code="a">Procedencia: Escuela de Estudios Árabes</subfield><subfield code="c">[Carlos Quirós Rodríguez]</subfield><subfield code="d">[198-?]</subfield></datafield><datafield tag="500" ind1=" " ind2=" "><subfield code="a">Signatura antigua: No</subfield></datafield><datafield tag="500" ind1=" " ind2=" "><subfield code="a">Anotaciones: No</subfield></datafield><datafield tag="510" ind1=" " ind2=" "><subfield code="a">No</subfield></datafield><datafield tag="581" ind1=" " ind2=" "><subfield code="a">Descripción: No</subfield></datafield><datafield tag="530" ind1=" " ind2=" "><subfield code="a">Otros soportes: No</subfield></datafield><datafield tag="581" ind1=" " ind2=" "><subfield code="a">Edición: No</subfield></datafield><datafield tag="520" ind1="2" ind2=" "><subfield code="a">Contenido: Al-muršid al-muʽīn ʽalà l-ḍarūrī min ʽulūm al-dīn [Incompleto y ápodo]</subfield></datafield><datafield tag="650" ind1=" " ind2="7"><subfield code="a">Islam</subfield><subfield code="x">Doctrinas</subfield><subfield code="v">Manuscritos.</subfield><subfield code="2">CSICAU</subfield></datafield><datafield tag="740" ind1="3" ind2=" "><subfield code="a">Al-muršid al-muʽīn ʽalà l-ḍarūrī min ʽulūm al-dīn</subfield></datafield><datafield tag="830" ind1=" " ind2="0"><subfield code="a">Manuscripta</subfield></datafield><datafield tag="856" ind1="4" ind2="1"><subfield code="u">http://aleph.csic.es/imagenes/mad01/0006_PMSC/P_001354598_792189_V00.pdf</subfield><subfield code="z">Descargar Pdf completo (626K)</subfield><subfield code="m">CSIC</subfield></datafield><datafield tag="856" ind1="4" ind2="1"><subfield code="u">http://simurg.bibliotecas.csic.es/viewer/image/CSIC001354598/1/</subfield><subfield code="z">Ver texto completo en SIMURG, el portal de fondos digitalizados del CSIC</subfield><subfield code="m">CSIC</subfield></datafield><datafield tag="856" ind1="4" ind2="1"><subfield code="u">http://aleph.csic.es/imagenes/mad01/0006_PMSC/html/001354598.html</subfield><subfield code="z">Ver texto completo en Bookreader</subfield></datafield></record></metadata></record>